<record><leader>00000cas a22000007a 4500</leader><controlfield tag="001">18148331</controlfield><controlfield tag="008">880629d19uu1964txuwr ne      0    0eng d</controlfield><datafield ind1=" " ind2=" " tag="010"><subfield code="a">sn 88083832 </subfield></datafield><datafield ind1=" " ind2=" " tag="040"><subfield code="a">PPM</subfield><subfield code="b">eng</subfield><subfield code="c">PPM</subfield><subfield code="d">OCLCQ</subfield></datafield><datafield ind1=" " ind2=" " tag="042"><subfield code="a">msc</subfield></datafield><datafield ind1="0" ind2="4" tag="245"><subfield code="a">The Bishop news.</subfield></datafield><datafield ind1=" " ind2=" " tag="260"><subfield code="a">Bishop, Tex. :</subfield><subfield code="b">A.S. Hornbeck</subfield></datafield><datafield ind1=" " ind2=" " tag="310"><subfield code="a">Weekly</subfield></datafield><datafield ind1="1" ind2=" " tag="362"><subfield code="a">Ceased Nov. 19, 1964.</subfield></datafield><datafield ind1=" " ind2=" " tag="588"><subfield code="a">Description based on: Vol. 8, no. 52 (Feb. 14, 1919).</subfield></datafield><datafield ind1=" " ind2=" " tag="752"><subfield code="a">United States</subfield><subfield code="b">Texas</subfield><subfield code="c">Kleberg</subfield><subfield code="d">Kingsville.</subfield></datafield><datafield ind1=" " ind2=" " tag="752"><subfield code="a">United States</subfield><subfield code="b">Texas</subfield><subfield code="c">Kleberg</subfield><subfield code="d">Bishop.</subfield></datafield><datafield ind1="0" ind2="7" tag="785"><subfield code="t">Kingsville record</subfield></datafield><datafield ind1="0" ind2="7" tag="785"><subfield code="t">Kingsville-Bishop record-news</subfield></datafield></record>